<?xml version="1.0" encoding="utf-8"?>
<record xmlns="http://www.loc.gov/MARC21/slim" xmlns:xsi="http://www.w3.org/2001/XMLSchema-instance" xsi:schemaLocation="http://www.loc.gov/MARC21/slim http://www.loc.gov/standards/marcxml/schema/MARC21slim.xsd">
	<leader>     nam a22     Mi 4500</leader>
	<controlfield tag="001">b12491822</controlfield>
	<controlfield tag="003">LeBAU</controlfield>
	<controlfield tag="006">m        d        </controlfield>
	<controlfield tag="007">cr cn |||m|||a</controlfield>
	<controlfield tag="008">210514s1858    ua      o     ||0 0 ara d</controlfield>
	<datafield ind1=" " ind2=" " tag="040">
		<subfield code="a">ZYU</subfield>
		<subfield code="b">ara</subfield>
		<subfield code="e">rda</subfield>
		<subfield code="c">ZYU</subfield>
	</datafield>
	<datafield ind1="0" ind2="4" tag="082">
		<subfield code="a">492.75</subfield>
		<subfield code="2">23</subfield>
	</datafield>
	<datafield ind1="1" ind2=" " tag="100">
		<subfield code="6">880-01</subfield>
		<subfield code="a">Azharī, Khālid ibn ʻAbd Allāh,</subfield>
		<subfield code="d">-1499.</subfield>
		<subfield code="e">author.</subfield>
		<subfield code="0">https://lccn.loc.gov/n84030639 ,</subfield>
	</datafield>
	<datafield ind1="1" ind2="0" tag="245">
		<subfield code="6">880-02</subfield>
		<subfield code="a">Hādhā Kitāb Tamrīn al-ṭullāb fī ṣināʻat al-iʻrāb /</subfield>
		<subfield code="c">taʼlīf al-shaykh al-imām wa-al-baḥr al-humām al-ʻālim al-ʻallāmah al-ḥabr al-baḥr al-fahhāmah Zayn al-Dīn Abū al-Walīd Khālid ibn ʻAbd Allāh al-Azhar al-Shāfiʻī.</subfield>
	</datafield>
	<datafield ind1="3" ind2="0" tag="246">
		<subfield code="6">880-03</subfield>
		<subfield code="a">Kitāb Tamrīn al-ṭullāb fī ṣināʻat al-iʻrāb</subfield>
	</datafield>
	<datafield ind1="3" ind2="0" tag="246">
		<subfield code="6">880-04</subfield>
		<subfield code="a">Tamrīn al-ṭullāb fī ṣināʻat al-iʻrāb</subfield>
	</datafield>
	<datafield ind1=" " ind2="1" tag="264">
		<subfield code="6">880-05</subfield>
		<subfield code="a">al-Qāhirah, Miṣr :</subfield>
		<subfield code="b">Maṭbaʻat al-Ḥajar al-Zāhirah,</subfield>
		<subfield code="c">1274 H., [1858? M.]</subfield>
	</datafield>
	<datafield ind1=" " ind2=" " tag="300">
		<subfield code="6">880-06</subfield>
		<subfield code="a">online resource (225 pages)</subfield>
	</datafield>
	<datafield ind1=" " ind2=" " tag="336">
		<subfield code="a">text</subfield>
		<subfield code="2">rdacontent</subfield>
	</datafield>
	<datafield ind1=" " ind2=" " tag="337">
		<subfield code="a">computer</subfield>
		<subfield code="2">rdamedia</subfield>
	</datafield>
	<datafield ind1=" " ind2=" " tag="338">
		<subfield code="a">online resource</subfield>
		<subfield code="2">rdacarrier</subfield>
	</datafield>
	<datafield ind1=" " ind2=" " tag="500">
		<subfield code="a">Part of the Arabic Collections Online (ACO) project, contributed by American University of Beirut's Jafet Memorial Library.</subfield>
	</datafield>
	<datafield ind1=" " ind2=" " tag="533">
		<subfield code="a">Electronic reproduction.</subfield>
		<subfield code="b">New York, N.Y. :</subfield>
		<subfield code="c">New York University,</subfield>
		<subfield code="d">2021.</subfield>
		<subfield code="5">NNU</subfield>
	</datafield>
	<datafield ind1="1" ind2="0" tag="600">
		<subfield code="6">880-07</subfield>
		<subfield code="a">Ibn Mālik, Muḥammad ibn ʻAbd Allāh,</subfield>
		<subfield code="d">-1274.</subfield>
		<subfield code="t">Alfīyah.</subfield>
	</datafield>
	<datafield ind1=" " ind2="0" tag="650">
		<subfield code="6">880-08</subfield>
		<subfield code="a">Arabic language</subfield>
		<subfield code="x">Grammar.</subfield>
	</datafield>
	<datafield ind1="2" ind2=" " tag="710">
		<subfield code="a">Jafet Memorial Library.</subfield>
	</datafield>
	<datafield ind1="0" ind2=" " tag="730">
		<subfield code="a">Arabic Collections Online.</subfield>
	</datafield>
	<datafield ind1="0" ind2="8" tag="775">
		<subfield code="6">880-09</subfield>
		<subfield code="i">has manifestation of work</subfield>
		<subfield code="a">Azharī, Khālid ibn ʻAbd Allāh, -1499.</subfield>
		<subfield code="t">Kitāb Tamrīn al-ṭullāb fī ṣināʻat al-iʻrāb.</subfield>
		<subfield code="d">1675.</subfield>
		<subfield code="m">manuscript</subfield>
		<subfield code="w">(OCoLC)784537072</subfield>
		<subfield code="w">(OCoLC)784537072</subfield>
		<subfield code="4">http://rdaregistry.info/Elements/w/P10072 :</subfield>
	</datafield>
	<datafield ind1="0" ind2="8" tag="775">
		<subfield code="6">880-10</subfield>
		<subfield code="i">has manifestation of work</subfield>
		<subfield code="a">Azharī, Khālid ibn ʻAbd Allāh, -1499.</subfield>
		<subfield code="t">Kitāb Tamrīn al-ṭullāb fī ṣināʻat al-iʻrāb.</subfield>
		<subfield code="d">2009.</subfield>
		<subfield code="m">microfilm.</subfield>
		<subfield code="o">Mic-MS:AUB:118:Positive:c.1</subfield>
		<subfield code="w">(LEAUB)b14194983</subfield>
		<subfield code="4">http://rdaregistry.info/Elements/w/P10072 :</subfield>
	</datafield>
	<datafield ind1="0" ind2="8" tag="776">
		<subfield code="i">Print version:</subfield>
		<subfield code="a">Azharī, Khālid ibn ʻAbd Allāh, -1499. author. https://lccn.loc.gov/n84030639 ,</subfield>
		<subfield code="t">Hādhā Kitāb Tamrīn al-ṭullāb fī ṣināʻat al-iʻrāb</subfield>
		<subfield code="w">(LeBAU)b12491822</subfield>
	</datafield>
	<datafield ind1="4" ind2="0" tag="856">
		<subfield code="u">http://hdl.handle.net/2333.1/bg79d032</subfield>
	</datafield>
	<datafield ind1="1" ind2=" " tag="880">
		<subfield code="6">100-01</subfield>
		<subfield code="a">الازهري، خالد بن عبد الله،</subfield>
		<subfield code="d">-1499،</subfield>
		<subfield code="0">https://lccn.loc.gov/n84030639 ,</subfield>
		<subfield code="e">مؤلف.</subfield>
		<subfield code="4">aut.</subfield>
	</datafield>
	<datafield ind1="1" ind2="0" tag="880">
		<subfield code="6">245-02</subfield>
		<subfield code="a">هذا كتاب تمرين الطلاب في صناعة الاعراب /</subfield>
		<subfield code="c">تأليف الشيخ الامام والبحر الهمام العال العلامة الحبر البحر الفهامة زين الدين ابو الوليد خالد بن عبد الله الأزهر الشافعي.</subfield>
	</datafield>
	<datafield ind1="3" ind2="0" tag="880">
		<subfield code="6">246-03</subfield>
		<subfield code="a">كتاب تمرين الطلاب في صناعة الاعراب</subfield>
	</datafield>
	<datafield ind1="3" ind2="0" tag="880">
		<subfield code="6">246-04</subfield>
		<subfield code="a">تمرين الطلاب في صناعة الاعراب</subfield>
	</datafield>
	<datafield ind1=" " ind2="1" tag="880">
		<subfield code="6">264-05</subfield>
		<subfield code="a">القاهرة، مصر :</subfield>
		<subfield code="b">مطبعة الحجر الزاهرة،</subfield>
		<subfield code="c">1274 هـ.، [1858؟ م.]</subfield>
	</datafield>
	<datafield ind1=" " ind2=" " tag="880">
		<subfield code="6">300-06</subfield>
		<subfield code="a">225 صفحة ؛</subfield>
		<subfield code="c">24 سم</subfield>
	</datafield>
	<datafield ind1=" " ind2=" " tag="880">
		<subfield code="6">500-00</subfield>
		<subfield code="a">طبع حجر.</subfield>
	</datafield>
	<datafield ind1="1" ind2="4" tag="880">
		<subfield code="6">600-07</subfield>
		<subfield code="a">ابن مالك، محمد بن عبد الله،</subfield>
		<subfield code="d">-1274.</subfield>
		<subfield code="t">الألفية في النحو.</subfield>
	</datafield>
	<datafield ind1=" " ind2="4" tag="880">
		<subfield code="6">650-08</subfield>
		<subfield code="a">اللغة العربية</subfield>
		<subfield code="x">قواعد.</subfield>
	</datafield>
	<datafield ind1="0" ind2="8" tag="880">
		<subfield code="6">775-09</subfield>
		<subfield code="i">لديه تجسيدة لعملhttp://rdaregistry.info/Elements/w/P10072 :</subfield>
		<subfield code="4">http://rdaregistry.info/Elements/w/P10072 :</subfield>
		<subfield code="a">الازهري، خالد بن عبد الله، -1499.</subfield>
		<subfield code="t">كتاب تمرين الطلاب في صناعة الاعراب.</subfield>
		<subfield code="d">1675.</subfield>
		<subfield code="m">مخطوطة</subfield>
		<subfield code="w">(LEAUB)b13137803</subfield>
		<subfield code="w">(OCoLC)784537072</subfield>
	</datafield>
	<datafield ind1="0" ind2="8" tag="880">
		<subfield code="6">775-10</subfield>
		<subfield code="i">لديه تجسيدة لعملhttp://rdaregistry.info/Elements/w/P10072 :</subfield>
		<subfield code="4">http://rdaregistry.info/Elements/w/P10072 :</subfield>
		<subfield code="a">الازهري، خالد بن عبد الله، -1499.</subfield>
		<subfield code="t">كتاب تمرين الطلاب في صناعة الإعراب.</subfield>
		<subfield code="d">2009.</subfield>
		<subfield code="m">ميكروفيلم.</subfield>
		<subfield code="o">Mic-MS:AUB:118:Positive:c.1</subfield>
		<subfield code="w">(LEAUB)b14194983</subfield>
	</datafield>
	<datafield ind1=" " ind2=" " tag="959">
		<subfield code="a">NNU</subfield>
		<subfield code="b">WEB</subfield>
		<subfield code="c">GENI</subfield>
		<subfield code="t">0</subfield>
		<subfield code="m">Electronic access</subfield>
		<subfield code="s">01</subfield>
	</datafield>
	<datafield ind1=" " ind2=" " tag="999">
		<subfield code="i">LeBAU_b12491822</subfield>
		<subfield code="s">aub_aco004379</subfield>
		<subfield code="e">(ERROR-MISC)</subfield>
		<subfield code="s">aub_aco004379</subfield>
	</datafield>
</record>
